<record><leader>00000cas a22000007a 4500</leader><controlfield tag="001">11980767</controlfield><controlfield tag="008">850430d18781885inuwr ne      0    0eng d</controlfield><datafield ind1=" " ind2=" " tag="010"><subfield code="a">sn 85047785 </subfield></datafield><datafield ind1=" " ind2=" " tag="040"><subfield code="a">NPI</subfield><subfield code="b">eng</subfield><subfield code="c">NPI</subfield><subfield code="d">OCLCQ</subfield></datafield><datafield ind1=" " ind2=" " tag="042"><subfield code="a">msc</subfield></datafield><datafield ind1="0" ind2=" " tag="130"><subfield code="a">Decatur news (Greensburg, Ind.)</subfield></datafield><datafield ind1="1" ind2="4" tag="245"><subfield code="a">The Decatur news.</subfield></datafield><datafield ind1="1" ind2="3" tag="246"><subfield code="a">Semi-weekly news</subfield></datafield><datafield ind1=" " ind2=" " tag="260"><subfield code="a">Greensburg, Ind. :</subfield><subfield code="b">W.A. Donnell &amp; Son,</subfield><subfield code="c">1878-1885.</subfield></datafield><datafield ind1=" " ind2=" " tag="300"><subfield code="a">8 v. :</subfield><subfield code="b">ill. (chiefly advertisements) ;</subfield><subfield code="c">65 cm.</subfield></datafield><datafield ind1=" " ind2=" " tag="310"><subfield code="a">Weekly,</subfield><subfield code="b">Oct. 1880-Aug. 1885</subfield></datafield><datafield ind1=" " ind2=" " tag="321"><subfield code="a">Weekly,</subfield><subfield code="b">Jan. 1878-May 1880</subfield></datafield><datafield ind1=" " ind2=" " tag="321"><subfield code="a">Semiweekly,</subfield><subfield code="b">May 1880-Oct. 1880</subfield></datafield><datafield ind1="0" ind2=" " tag="362"><subfield code="a">Vol. 10, no. 2 (Jan. 16, 1878)-v. 18, no. 34 (Aug. 26, 1885).</subfield></datafield><datafield ind1=" " ind2=" " tag="500"><subfield code="a">"Democratic" Cf. Miller, John W. Indiana newspaper bibliog.</subfield></datafield><datafield ind1=" " ind2=" " tag="515"><subfield code="a">Vol. 10, no. 1 was never published for this title.</subfield></datafield><datafield ind1=" " ind2=" " tag="752"><subfield code="a">United States</subfield><subfield code="b">Indiana</subfield><subfield code="c">Decatur</subfield><subfield code="d">Greensburg.</subfield></datafield><datafield ind1="0" ind2="0" tag="780"><subfield code="t">Decatur press (Greensburg, Ind. : 1852)</subfield><subfield code="w">(DLC)sn 84027384</subfield></datafield><datafield ind1="1" ind2=" " tag="787"><subfield code="t">Semi-weekly news (Greensburg, Ind.)</subfield></datafield><datafield ind1="1" ind2=" " tag="029"><subfield code="a">AU@</subfield><subfield code="b">000025838540</subfield></datafield></record>